%YAML 1.1
%TAG !u! tag:unity3d.com,2011:
--- !u!114 &11400000
MonoBehaviour:
  m_ObjectHideFlags: 0
  m_CorrespondingSourceObject: {fileID: 0}
  m_PrefabInstance: {fileID: 0}
  m_PrefabAsset: {fileID: 0}
  m_GameObject: {fileID: 0}
  m_Enabled: 1
  m_EditorHideFlags: 0
  m_Script: {fileID: 11500000, guid: d32cf7c32a3ed8347bac48ef5ed56d82, type: 3}
  m_Name: FMODStudioCache
  m_EditorClassIdentifier: 
  EditorBanks:
  - {fileID: 114405870423332914}
  - {fileID: 114197081720048292}
  EditorEvents:
  - {fileID: 114180138688083630}
  - {fileID: 114824823301153260}
  MasterBanks:
  - {fileID: 114197081720048292}
  StringsBanks:
  - {fileID: 114405870423332914}
  stringsBankWriteTime: 636927720338164404
  cacheVersion: 3
--- !u!114 &114180138688083630
MonoBehaviour:
  m_ObjectHideFlags: 0
  m_CorrespondingSourceObject: {fileID: 0}
  m_PrefabInstance: {fileID: 0}
  m_PrefabAsset: {fileID: 0}
  m_GameObject: {fileID: 0}
  m_Enabled: 1
  m_EditorHideFlags: 0
  m_Script: {fileID: 11500000, guid: ceb653cd98e289a4e8697a1af55201f2, type: 3}
  m_Name: 
  m_EditorClassIdentifier: 
  Path: event:/GameLoaderScreen
  guid: 987aec37569813419a12f40b4c1c5762
  Banks:
  - {fileID: 114197081720048292}
  IsStream: 0
  Is3D: 0
  IsOneShot: 0
  Parameters: []
  MinDistance: 0
  MaxDistance: 0
  Length: 2086
--- !u!114 &114183353148627386
MonoBehaviour:
  m_ObjectHideFlags: 0
  m_CorrespondingSourceObject: {fileID: 0}
  m_PrefabInstance: {fileID: 0}
  m_PrefabAsset: {fileID: 0}
  m_GameObject: {fileID: 0}
  m_Enabled: 1
  m_EditorHideFlags: 0
  m_Script: {fileID: 11500000, guid: c18180ecb35941f4682ae60107b85b7c, type: 3}
  m_Name: 
  m_EditorClassIdentifier: 
  Path: gamebox_fmod/Build/Desktop/Master Bank.strings.bank
  lastModified: 636916309260000000
  LoadResult: 0
  FileSizes:
  - Name: Desktop
    Value: 786
  Exists: 1
--- !u!114 &114197081720048292
MonoBehaviour:
  m_ObjectHideFlags: 0
  m_CorrespondingSourceObject: {fileID: 0}
  m_PrefabInstance: {fileID: 0}
  m_PrefabAsset: {fileID: 0}
  m_GameObject: {fileID: 0}
  m_Enabled: 1
  m_EditorHideFlags: 0
  m_Script: {fileID: 11500000, guid: c18180ecb35941f4682ae60107b85b7c, type: 3}
  m_Name: 
  m_EditorClassIdentifier: 
  Path: D:\Projects\Games\GameBoxProject\GameBox\gamebox_fmod\Build\Desktop\Master
    Bank.bank
  lastModified: 636927720338144456
  LoadResult: 0
  FileSizes:
  - Name: Desktop
    Value: 46624
  Exists: 1
--- !u!114 &114209686746033746
MonoBehaviour:
  m_ObjectHideFlags: 0
  m_CorrespondingSourceObject: {fileID: 0}
  m_PrefabInstance: {fileID: 0}
  m_PrefabAsset: {fileID: 0}
  m_GameObject: {fileID: 0}
  m_Enabled: 1
  m_EditorHideFlags: 0
  m_Script: {fileID: 11500000, guid: ceb653cd98e289a4e8697a1af55201f2, type: 3}
  m_Name: 
  m_EditorClassIdentifier: 
  Path: event:/UI/ButtonLoadScene
  guid: 0aa57414ca105543b82c66baa83061bf
  Banks:
  - {fileID: 114520842866903092}
  IsStream: 0
  Is3D: 0
  IsOneShot: 1
  Parameters: []
  MinDistance: 0
  MaxDistance: 0
  Length: 278
--- !u!114 &114405870423332914
MonoBehaviour:
  m_ObjectHideFlags: 0
  m_CorrespondingSourceObject: {fileID: 0}
  m_PrefabInstance: {fileID: 0}
  m_PrefabAsset: {fileID: 0}
  m_GameObject: {fileID: 0}
  m_Enabled: 1
  m_EditorHideFlags: 0
  m_Script: {fileID: 11500000, guid: c18180ecb35941f4682ae60107b85b7c, type: 3}
  m_Name: 
  m_EditorClassIdentifier: 
  Path: gamebox_fmod\Build\Desktop\Master Bank.strings.bank
  lastModified: 636927720338164404
  LoadResult: 0
  FileSizes:
  - Name: Desktop
    Value: 786
  Exists: 1
--- !u!114 &114520842866903092
MonoBehaviour:
  m_ObjectHideFlags: 0
  m_CorrespondingSourceObject: {fileID: 0}
  m_PrefabInstance: {fileID: 0}
  m_PrefabAsset: {fileID: 0}
  m_GameObject: {fileID: 0}
  m_Enabled: 1
  m_EditorHideFlags: 0
  m_Script: {fileID: 11500000, guid: c18180ecb35941f4682ae60107b85b7c, type: 3}
  m_Name: 
  m_EditorClassIdentifier: 
  Path: /Users/jochem/stack/HKU/Jaar 2/Blok 2d/SID/GitRepo/gamebox/gamebox_fmod/Build/Desktop/Master
    Bank.bank
  lastModified: 636916309260000000
  LoadResult: 0
  FileSizes:
  - Name: Desktop
    Value: 46624
  Exists: 1
--- !u!114 &114551712639789020
MonoBehaviour:
  m_ObjectHideFlags: 0
  m_CorrespondingSourceObject: {fileID: 0}
  m_PrefabInstance: {fileID: 0}
  m_PrefabAsset: {fileID: 0}
  m_GameObject: {fileID: 0}
  m_Enabled: 1
  m_EditorHideFlags: 0
  m_Script: {fileID: 11500000, guid: ceb653cd98e289a4e8697a1af55201f2, type: 3}
  m_Name: 
  m_EditorClassIdentifier: 
  Path: event:/UI/ButtonClicked
  guid: 0aa57414ca105543b82c66baa83061bf
  Banks:
  - {fileID: 114520842866903092}
  IsStream: 0
  Is3D: 0
  IsOneShot: 1
  Parameters: []
  MinDistance: 0
  MaxDistance: 0
  Length: 130
--- !u!114 &114650416926828378
MonoBehaviour:
  m_ObjectHideFlags: 0
  m_CorrespondingSourceObject: {fileID: 0}
  m_PrefabInstance: {fileID: 0}
  m_PrefabAsset: {fileID: 0}
  m_GameObject: {fileID: 0}
  m_Enabled: 1
  m_EditorHideFlags: 0
  m_Script: {fileID: 11500000, guid: ceb653cd98e289a4e8697a1af55201f2, type: 3}
  m_Name: 
  m_EditorClassIdentifier: 
  Path: event:/UI/ButtonStartGame
  guid: e6182cf0f8a5264e8a162edcba9ab24c
  Banks:
  - {fileID: 114520842866903092}
  IsStream: 0
  Is3D: 0
  IsOneShot: 1
  Parameters: []
  MinDistance: 0
  MaxDistance: 0
  Length: 278
--- !u!114 &114824823301153260
MonoBehaviour:
  m_ObjectHideFlags: 0
  m_CorrespondingSourceObject: {fileID: 0}
  m_PrefabInstance: {fileID: 0}
  m_PrefabAsset: {fileID: 0}
  m_GameObject: {fileID: 0}
  m_Enabled: 1
  m_EditorHideFlags: 0
  m_Script: {fileID: 11500000, guid: ceb653cd98e289a4e8697a1af55201f2, type: 3}
  m_Name: 
  m_EditorClassIdentifier: 
  Path: event:/UI/ButtonClicked
  guid: 0aa57414ca105543b82c66baa83061bf
  Banks:
  - {fileID: 114197081720048292}
  IsStream: 0
  Is3D: 0
  IsOneShot: 1
  Parameters: []
  MinDistance: 0
  MaxDistance: 0
  Length: 278
